@article{NatRevMicro,
  volume = {14},
  ISSN = {1740-1534},
  url = {http://dx.doi.org/10.1038/nrmicro.2016.123},
  DOI = {10.1038/nrmicro.2016.123},
  number = {9},
  journal = {Nature Reviews Microbiology},
  publisher = {Springer Science and Business Media LLC},
  year = {2016},
  month = aug,
  pages = {543–543},
  author = {Nature Reviews}
}
@article{Shoemaker2021,
  title = {Microbial population dynamics and evolutionary outcomes under extreme energy limitation},
  volume = {118},
  ISSN = {1091-6490},
  url = {http://dx.doi.org/10.1073/pnas.2101691118},
  DOI = {10.1073/pnas.2101691118},
  number = {33},
  journal = {Proceedings of the National Academy of Sciences},
  publisher = {Proceedings of the National Academy of Sciences},
  author = {Shoemaker,  William R. and Jones,  Stuart E. and Muscarella,  Mario E. and Behringer,  Megan G. and Lehmkuhl,  Brent K. and Lennon,  Jay T.},
  year = {2021},
  month = aug 
}

@inbook{Gupta2016,
  title = {Microbes and Environment},
  ISBN = {9789811018664},
  url = {http://dx.doi.org/10.1007/978-981-10-1866-4_3},
  DOI = {10.1007/978-981-10-1866-4_3},
  booktitle = {Principles and Applications of Environmental Biotechnology for a Sustainable Future},
  publisher = {Springer Singapore},
  author = {Gupta,  Ankit and Gupta,  Rasna and Singh,  Ram Lakhan},
  year = {2016},
  month = oct,
  pages = {43–84}
}

@article{Zwietering1990,
  title = {Modeling of the Bacterial Growth Curve},
  volume = {56},
  ISSN = {1098-5336},
  url = {http://dx.doi.org/10.1128/aem.56.6.1875-1881.1990},
  DOI = {10.1128/aem.56.6.1875-1881.1990},
  number = {6},
  journal = {Applied and Environmental Microbiology},
  publisher = {American Society for Microbiology},
  author = {Zwietering,  M. H. and Jongenburger,  I. and Rombouts,  F. M. and van ’t Riet,  K.},
  year = {1990},
  month = jun,
  pages = {1875–1881}
}

@article{doi:10.1080/10408398.2011.570463,
author = {Micha Peleg and Maria G. Corradini},
title = {Microbial Growth Curves: What the Models Tell Us and What They Cannot},
journal = {Critical Reviews in Food Science and Nutrition},
volume = {51},
number = {10},
pages = {917-945},
year = {2011},
publisher = {Taylor & Francis},
doi = {10.1080/10408398.2011.570463},

}
@article{WACHENHEIM2003157,
title = {Analysis of the logistic function model: derivation and applications specific to batch cultured microorganisms},
journal = {Bioresource Technology},
volume = {86},
number = {2},
pages = {157-164},
year = {2003},
issn = {0960-8524},
doi = {https://doi.org/10.1016/S0960-8524(02)00149-9},
url = {https://www.sciencedirect.com/science/article/pii/S0960852402001499},
author = {Daniel E. Wachenheim and John A. Patterson and Michael R. Ladisch},

}
@article{BUCHANAN1997313,
title = {When is simple good enough: a comparison of the Gompertz, Baranyi, and three-phase linear models for fitting bacterial growth curves},
journal = {Food Microbiology},
volume = {14},
number = {4},
pages = {313-326},
year = {1997},
issn = {0740-0020},
doi = {https://doi.org/10.1006/fmic.1997.0125},
url = {https://www.sciencedirect.com/science/article/pii/S0740002097901258},
author = {R.L Buchanan and R.C Whiting and W.C Damert},
}

@article{JOHNSON2004101,
title = {Model selection in ecology and evolution},
journal = {Trends in Ecology & Evolution},
volume = {19},
number = {2},
pages = {101-108},
year = {2004},
issn = {0169-5347},
doi = {https://doi.org/10.1016/j.tree.2003.10.013},
url = {https://www.sciencedirect.com/science/article/pii/S0169534703003458},
author = {Jerald B. Johnson and Kristian S. Omland},
}

@article{Pearl1920,
  title = {On the Rate of Growth of the Population of the United States since 1790 and Its Mathematical Representation},
  volume = {6},
  ISSN = {1091-6490},
  url = {http://dx.doi.org/10.1073/pnas.6.6.275},
  DOI = {10.1073/pnas.6.6.275},
  number = {6},
  journal = {Proceedings of the National Academy of Sciences},
  publisher = {Proceedings of the National Academy of Sciences},
  author = {Pearl,  Raymond and Reed,  Lowell J.},
  year = {1920},
  month = jun,
  pages = {275–288}
}

@article{Tjrve2017,
  title = {The use of Gompertz models in growth analyses,  and new Gompertz-model approach: An addition to the Unified-Richards family},
  volume = {12},
  ISSN = {1932-6203},
  url = {http://dx.doi.org/10.1371/journal.pone.0178691},
  DOI = {10.1371/journal.pone.0178691},
  number = {6},
  journal = {PLOS ONE},
  publisher = {Public Library of Science (PLoS)},
  author = {Tjørve,  Kathleen M. C. and Tjørve,  Even},
  editor = {Merks,  Roeland M.H.},
  year = {2017},
  month = jun,
  pages = {e0178691}
}

@article{Garcia2021,
  title = {Primary Model for Biomass Growth Prediction in Batch Fermentation},
  volume = {13},
  ISSN = {2073-8994},
  url = {http://dx.doi.org/10.3390/sym13081468},
  DOI = {10.3390/sym13081468},
  number = {8},
  journal = {Symmetry},
  publisher = {MDPI AG},
  author = {Garcia,  Blanca and Rodriguez,  Emmanuel and Salazar,  Yolocuauhtli and Valle,  Paul and Flores-Gallegos,  Adriana and Rutiaga-Quiñones,  O. and Rodriguez-Herrera,  Raul},
  year = {2021},
  month = aug,
  pages = {1468}
}

@article{Pla2015,
  title = {Comparison of Primary Models to Predict Microbial Growth by the Plate Count and Absorbance Methods},
  volume = {2015},
  ISSN = {2314-6141},
  url = {http://dx.doi.org/10.1155/2015/365025},
  DOI = {10.1155/2015/365025},
  journal = {BioMed Research International},
  publisher = {Hindawi Limited},
  author = {Pla,  María-Leonor and Oltra,  Sandra and Esteban,  María-Dolores and Andreu,  Santiago and Palop,  Alfredo},
  year = {2015},
  pages = {1–14}
}

@article{Ward1972,
  title = {Studies on a Thermophilic Bacillus: Its Isolation,  Properties,  and Temperature Coefficient of Growth},
  volume = {112},
  ISSN = {1098-5530},
  url = {http://dx.doi.org/10.1128/jb.112.3.1040-1042.1972},
  DOI = {10.1128/jb.112.3.1040-1042.1972},
  number = {3},
  journal = {Journal of Bacteriology},
  publisher = {American Society for Microbiology},
  author = {Ward,  J. and Cockson,  A.},
  year = {1972},
  month = dec,
  pages = {1040–1042}
}

@article{Dey2020,
  title = {Dependence of bacterial growth rate on dynamic temperature changes},
  volume = {14},
  ISSN = {1751-8857},
  url = {http://dx.doi.org/10.1049/iet-syb.2018.5125},
  DOI = {10.1049/iet-syb.2018.5125},
  number = {2},
  journal = {IET Systems Biology},
  publisher = {Institution of Engineering and Technology (IET)},
  author = {Dey,  Abhishek and Bokka,  Venkat and Sen,  Shaunak},
  year = {2020},
  month = apr,
  pages = {68–74}
}

@article{Nedwell1994,
  title = {Influence of temperature on growth rate and competition between two psychrotolerant Antarctic bacteria: low temperature diminishes affinity for substrate uptake},
  volume = {60},
  ISSN = {1098-5336},
  url = {http://dx.doi.org/10.1128/aem.60.6.1984-1992.1994},
  DOI = {10.1128/aem.60.6.1984-1992.1994},
  number = {6},
  journal = {Applied and Environmental Microbiology},
  publisher = {American Society for Microbiology},
  author = {Nedwell,  D B and Rutter,  M},
  year = {1994},
  month = jun,
  pages = {1984–1992}
}

@article{Freckleton2002,
  title = {On the misuse of residuals in ecology: regression of residuals vs. multiple regression},
  volume = {71},
  ISSN = {1365-2656},
  url = {http://dx.doi.org/10.1046/j.1365-2656.2002.00618.x},
  DOI = {10.1046/j.1365-2656.2002.00618.x},
  number = {3},
  journal = {Journal of Animal Ecology},
  publisher = {Wiley},
  author = {Freckleton,  Robert P.},
  year = {2002},
  month = may,
  pages = {542–545}
}

@article{DASH2023103140,
title = {Application of information theory-based decision support system for high precision modeling of the length-weight relationship (LWR) for five marine shrimps from the northwestern Bay of Bengal},
journal = {Regional Studies in Marine Science},
volume = {66},
pages = {103140},
year = {2023},
issn = {2352-4855},
doi = {https://doi.org/10.1016/j.rsma.2023.103140},
url = {https://www.sciencedirect.com/science/article/pii/S2352485523003304},
author = {Gyanaranjan Dash and Swatipriyanka Sen and Rajesh Kumar Pradhan and Shubhadeep Ghosh and Josileen Jose},
}

@article{ABA2021109108,
title = {Microbial shelf life of coconut water subjected to various inoculation levels of Listeria monocytogenes and storage conditions},
journal = {International Journal of Food Microbiology},
volume = {344},
pages = {109108},
year = {2021},
issn = {0168-1605},
doi = {https://doi.org/10.1016/j.ijfoodmicro.2021.109108},
url = {https://www.sciencedirect.com/science/article/pii/S0168160521000672},
author = {Richard Paolo M. Aba and Eric Miguel L. Gelido and Kattleya Marie Reine S. Yatco and Alonzo A. Gabriel},
}
@article{Rolfe2012,
  title = {Lag Phase Is a Distinct Growth Phase That Prepares Bacteria for Exponential Growth and Involves Transient Metal Accumulation},
  volume = {194},
  ISSN = {1098-5530},
  url = {http://dx.doi.org/10.1128/JB.06112-11},
  DOI = {10.1128/jb.06112-11},
  number = {3},
  journal = {Journal of Bacteriology},
  publisher = {American Society for Microbiology},
  author = {Rolfe,  Matthew D. and Rice,  Christopher J. and Lucchini,  Sacha and Pin,  Carmen and Thompson,  Arthur and Cameron,  Andrew D. S. and Alston,  Mark and Stringer,  Michael F. and Betts,  Roy P. and Baranyi,  József and Peck,  Michael W. and Hinton,  Jay C. D.},
  year = {2012},
  month = feb,
  pages = {686–701}
}

@article{KIM201764,
title = {Effects of minimal media vs. complex media on the metabolite profiles of Escherichia coli and Saccharomyces cerevisiae},
journal = {Process Biochemistry},
volume = {57},
pages = {64-71},
year = {2017},
issn = {1359-5113},
doi = {https://doi.org/10.1016/j.procbio.2017.04.003},
url = {https://www.sciencedirect.com/science/article/pii/S1359511316310431},
author = {Jungyeon Kim and Kyoung Heon Kim},
}

@article{ebaac5c3-39dd-33ef-a890-3745d155862c,
 ISSN = {01718630, 16161599},
 URL = {http://www.jstor.org/stable/24821296},
 author = {Yves Collos},
 journal = {Marine Ecology Progress Series},
 number = {2},
 pages = {193--206},
 publisher = {Inter-Research Science Center},
 title = {Time-lag algal growth dynamics: biological constraints on primary production in aquatic environments},
 urldate = {2023-11-30},
 volume = {33},
 year = {1986}
}

@article{Coelho2019,
  title = {A parsimonious view of the parsimony principle in ecology and evolution},
  volume = {42},
  ISSN = {1600-0587},
  url = {http://dx.doi.org/10.1111/ecog.04228},
  DOI = {10.1111/ecog.04228},
  number = {5},
  journal = {Ecography},
  publisher = {Wiley},
  author = {Coelho,  Marco Túlio P. and Diniz‐Filho,  José Alexandre and Rangel,  Thiago F.},
  year = {2019},
  month = jan,
  pages = {968–976}
}

@book{10.5555/1593511,
 author = {Van Rossum, Guido and Drake, Fred L.},
 title = {Python 3 Reference Manual},
 year = {2009},
 isbn = {1441412697},
 publisher = {CreateSpace},
 address = {Scotts Valley, CA}
} 

@Manual{R,
    title = {R: A Language and Environment for Statistical Computing},
    author = {{R Core Team}},
    organization = {R Foundation for Statistical Computing},
    address = {Vienna, Austria},
    year = {2021},
    url = {https://www.R-project.org/},
  }
