@article{Roth1962,
  title = {CONTINUITY OF PSYCHROPHILIC AND MESOPHILIC GROWTH CHARACTERISTICS IN THE GENUS
            ARTHROBACTER},
  volume = {83},
  ISSN = {1098-5530},
  url = {http://dx.doi.org/10.1128/jb.83.3.551-555.1962},
  DOI = {10.1128/jb.83.3.551-555.1962},
  number = {3},
  journal = {Journal of Bacteriology},
  publisher = {American Society for Microbiology},
  author = {Roth,  Norman G. and Wheaton,  Robert B.},
  year = {1962},
  month = mar,
  pages = {551â€“555}
}